<record><leader>00000cas a22000007a 4500</leader><controlfield tag="001">41681868</controlfield><controlfield tag="008">990708d1uuu1911sduwr ne      0    0eng d</controlfield><datafield ind1=" " ind2=" " tag="010"><subfield code="a">sn 99067984 </subfield></datafield><datafield ind1=" " ind2=" " tag="040"><subfield code="a">SXN</subfield><subfield code="b">eng</subfield><subfield code="c">SXN</subfield><subfield code="d">OCLCQ</subfield><subfield code="d">OCLCF</subfield><subfield code="d">OCLCO</subfield></datafield><datafield ind1=" " ind2=" " tag="042"><subfield code="a">msc</subfield></datafield><datafield ind1=" " ind2=" " tag="043"><subfield code="a">n-us-sd</subfield></datafield><datafield ind1="0" ind2="4" tag="245"><subfield code="a">The Charles Mix new era.</subfield></datafield><datafield ind1=" " ind2=" " tag="260"><subfield code="a">Wagner, Charles Mix County, S.D. :</subfield><subfield code="b">A.H. Pease</subfield></datafield><datafield ind1=" " ind2=" " tag="300"><subfield code="a">v.</subfield></datafield><datafield ind1=" " ind2=" " tag="310"><subfield code="a">Weekly</subfield></datafield><datafield ind1="1" ind2=" " tag="362"><subfield code="a">Ceased in 1911.</subfield></datafield><datafield ind1=" " ind2=" " tag="530"><subfield code="a">Available on microfilm from: State Archives, South Dakota State Historical Society.</subfield></datafield><datafield ind1=" " ind2=" " tag="580"><subfield code="a">Merged with: Wagner leader, to form: New era-leader.</subfield></datafield><datafield ind1=" " ind2=" " tag="588"><subfield code="a">Description based on: Vol. 6, no. 15 (Mar. 3, 1905).</subfield></datafield><datafield ind1=" " ind2="0" tag="651"><subfield code="a">Wagner (S.D.)</subfield><subfield code="v">Newspapers.</subfield></datafield><datafield ind1=" " ind2="0" tag="651"><subfield code="a">Charles Mix County (S.D.)</subfield><subfield code="v">Newspapers.</subfield></datafield><datafield ind1=" " ind2="7" tag="655"><subfield code="a">Newspapers.</subfield><subfield code="2">fast</subfield><subfield code="0">(OCoLC)fst01423814</subfield></datafield><datafield ind1=" " ind2="7" tag="651"><subfield code="a">South Dakota</subfield><subfield code="z">Charles Mix County.</subfield><subfield code="2">fast</subfield><subfield code="0">(OCoLC)fst01215817</subfield></datafield><datafield ind1=" " ind2="7" tag="651"><subfield code="a">South Dakota</subfield><subfield code="z">Wagner.</subfield><subfield code="2">fast</subfield><subfield code="0">(OCoLC)fst01252838</subfield></datafield><datafield ind1=" " ind2=" " tag="752"><subfield code="a">United States</subfield><subfield code="b">South Dakota</subfield><subfield code="c">Charles Mix</subfield><subfield code="d">Wagner.</subfield></datafield><datafield ind1="1" ind2="7" tag="785"><subfield code="t">Wagner leader</subfield></datafield><datafield ind1="1" ind2="7" tag="785"><subfield code="t">New era-leader</subfield><subfield code="w">(DLC)sn 99068037</subfield></datafield></record>